<?xml version="1.0" encoding="UTF-8"?><collection xmlns="http://www.loc.gov/MARC21/slim"><record><leader>00616nam--2200181-u-4500</leader><controlfield tag="001">000052579</controlfield><controlfield tag="002">20161230</controlfield><controlfield tag="005">20161230201050</controlfield><controlfield tag="008">100915s1000------------r-----000-0-eng-d</controlfield><datafield ind1=" " ind2=" " tag="040"><subfield code="a">IFIN-HH</subfield></datafield><datafield ind1=" " ind2=" " tag="080"><subfield code="a">533.7</subfield></datafield><datafield ind1="1" ind2=" " tag="100"><subfield code="a">Talbot, L</subfield></datafield><datafield ind1="1" ind2="0" tag="245"><subfield code="a">Rarefied Gas Dynamics</subfield><subfield code="b">Proceedings of the Second International Symposium on Rarefied Gas Dynamics, Held at the University of California, Berkeley, California, in 1960. Supplement I</subfield><subfield code="c">L.Talbot (Ed.)</subfield></datafield><datafield ind1=" " ind2=" " tag="260"><subfield code="a">New York</subfield><subfield code="b">Academic Press</subfield><subfield code="c">1961</subfield></datafield><datafield ind1=" " ind2=" " tag="300"><subfield code="a">748 p</subfield></datafield><datafield ind1=" " ind2=" " tag="490"><subfield code="a">Advances in Applied Mechanics</subfield></datafield><datafield ind1=" " ind2=" " tag="852"><subfield code="a">12045</subfield><subfield code="c">533.7</subfield></datafield><datafield ind1=" " ind2=" " tag="CAT"><subfield code="a">Sys</subfield><subfield code="c">20100915</subfield><subfield code="h">093051</subfield></datafield></record></collection>